<record><leader>00000cas a22000007a 4500</leader><controlfield tag="001">10292445</controlfield><controlfield tag="008">840112d1963196uohuwr ne      0    0eng d</controlfield><controlfield tag="009">3783</controlfield><datafield ind1=" " ind2=" " tag="010"><subfield code="a">sn 84028014 </subfield></datafield><datafield ind1=" " ind2=" " tag="040"><subfield code="a">NPY</subfield><subfield code="b">eng</subfield><subfield code="c">NPY</subfield><subfield code="d">DLC</subfield></datafield><datafield ind1="1" ind2=" " tag="029"><subfield code="a">AU@</subfield><subfield code="b">000025790947</subfield></datafield><datafield ind1=" " ind2=" " tag="042"><subfield code="a">msc</subfield></datafield><datafield ind1="0" ind2="0" tag="050"><subfield code="a">Newspaper</subfield></datafield><datafield ind1="0" ind2="0" tag="245"><subfield code="a">Cuyahoga Sunday times.</subfield></datafield><datafield ind1=" " ind2=" " tag="260"><subfield code="a">Cleveland, Ohio :</subfield><subfield code="b">Southwest Press Pub. Co.,</subfield><subfield code="c">1963-</subfield></datafield><datafield ind1=" " ind2=" " tag="300"><subfield code="a">v. :</subfield><subfield code="b">ill.</subfield></datafield><datafield ind1=" " ind2=" " tag="310"><subfield code="a">Weekly</subfield></datafield><datafield ind1="0" ind2=" " tag="362"><subfield code="a">Vol. 1, no. 5 (Mar. 31, 1963)-</subfield></datafield><datafield ind1=" " ind2=" " tag="500"><subfield code="a">"Cuyahoga Sunday Times is a newspaper of general circulation in Cuyahoga County."</subfield></datafield><datafield ind1=" " ind2=" " tag="500"><subfield code="a">Published during Cleveland newspaper strike.</subfield></datafield><datafield ind1=" " ind2=" " tag="500"><subfield code="a">Publisher: Elmer H. Zelinski.</subfield></datafield><datafield ind1=" " ind2=" " tag="500"><subfield code="a">Editor: Alan F. Wilson.</subfield></datafield><datafield ind1="1" ind2=" " tag="700"><subfield code="a">Zelinski, Elmer H.</subfield></datafield><datafield ind1="1" ind2=" " tag="700"><subfield code="a">Wilson, Alan F.</subfield></datafield><datafield ind1=" " ind2=" " tag="752"><subfield code="a">United States</subfield><subfield code="b">Ohio</subfield><subfield code="c">Cuyahoga</subfield><subfield code="d">Cleveland.</subfield></datafield><datafield ind1="0" ind2="0" tag="780"><subfield code="t">Southwest press</subfield><subfield code="w">(DLC)sn 84028012</subfield></datafield></record>